@MISC{FindingTheDerivativeOfPolynomialsViaDoubleLimit2024,
    author = {Petro Kolosov},
    title = {{Finding the derivative of polynomials via double limit}},
    howpublished = {Available electronically at \url {https://github.com/kolosovpetro/FindingTheDerivativeOfPolynomialsViaDoubleLimit}},
    year = {2024}
}
