@article{kolosov2016link,
    title = {{On the link between Binomial Theorem and Discrete Convolution of Polynomials}},
    author = {Kolosov, Petro},
    journal = {arXiv preprint arXiv:1603.02468},
    note = {\url {https://arxiv.org/abs/1603.02468}},
    year = {2016}
}

@article{AnUnusualIdentityForOddPowers2022,
    title = {{106.37 An unusual identity for odd-powers}},
    author = {Kolosov, Petro},
    journal = {The Mathematical Gazette},
    volume = {106},
    number = {567},
    pages = {509--513},
    year = {2022},
    publisher = {Cambridge University Press}
}

@article{kolosov2023polynomial,
    title = {{Polynomial identity involving Binomial Theorem and Faulhaber's formula}},
    author = {Kolosov, Petro},
    journal = {Figshare},
    note = {\url {https://doi.org/10.6084/m9.figshare.2386}},
    year = {2023}
}

@book{abramowitz1972handbook,
    title = {{Handbook of mathematical functions: with formulas, graphs, and mathematical tables}},
    author = {Abramowitz, Milton and Stegun, Irene A. and others},
    volume = {55},
    year = {1972},
    publisher = {National bureau of standards Washington, DC}
}
